<?xml version="1.0" encoding="UTF-8"?><collection xmlns="http://www.loc.gov/MARC21/slim"><record><leader>00428nam--2200133-i-4500</leader><controlfield tag="001">000035554</controlfield><controlfield tag="002">20161230</controlfield><controlfield tag="005">20161230201040</controlfield><controlfield tag="008">060222s1000------------r-----000-0-eng-d</controlfield><datafield ind1=" " ind2=" " tag="100"><subfield code="a">Muschter Harry</subfield></datafield><datafield ind1=" " ind2=" " tag="245"><subfield code="a">Elektronische zahlgerate fur kernstrahlung, aufbau-workungsweise-anwendungen</subfield></datafield><datafield ind1=" " ind2=" " tag="260"><subfield code="a">Leipzig, Veb Deutscher Verlag Fur Grundstoffindustrie, 1960,   164p</subfield></datafield><datafield ind1=" " ind2=" " tag="490"><subfield code="a">Kleine Bibliothek Der Kerntechnik</subfield></datafield><datafield ind1=" " ind2=" " tag="852"><subfield code="a">7649</subfield></datafield></record></collection>